@article{einstein,
    author =       "Albert Einstein",
    title =        "{Zur Elektrodynamik bewegter K{\"o}rper}. ({German})
    [{On} the electrodynamics of moving bodies]",
    journal =      "Annalen der Physik",
    volume =       "322",
    number =       "10",
    pages =        "891--921",
    year =         "1905",
    DOI =          "http://dx.doi.org/10.1002/andp.19053221004",
    keywords =     "physics"
}
 
@book{dirac,
    title={The Principles of Quantum Mechanics},
    author={Paul Adrien Maurice Dirac},
    isbn={9780198520115},
    series={International series of monographs on physics},
    year={1981},
    publisher={Clarendon Press},
    keywords = {physics}
}
 
@book{big_data_praxis,
    title={Big Data in der Praxis},
    author={Jonas Freiknecht},
    year={2014},
    edition={1. Auflage},
    publisher={Hanser}
}

@book{big_data_praxis2,
    title = {Big Data in der Praxis: LÃ¶sungen mit Hadoop, Spark, HBase und Hive : Daten speichern, aufbereiten, visualisieren},
    author = {Freiknecht, Jonas and Papp, Stefan},
    year={2018},
    edition = {2., erweiterte Auflage},
    publisher={Hanser}
}

@book{expert_hadoop_admin,
    title={Expert Hadoop Administration},
    author={Sam R. Alapati},
    year={2016},
    edition={1. Auflage},
    publisher={Addison Wesley}
}

@book{hadoop_security,
    title={Hadoop Security: Protecting Your Big Data Platform},
    author={Ben Spivey, Joey Echeverria},
    year={2015},
    edition={1. Auflage},
    publisher={O'Reilly}
}

@book{professional_hadoop,
    title={Professional Hadoop},
    author={Antony, Benoy and Boudnik, Konstantin and Adams, Cheryl and Shao, Branky and Lee, Cazen and Sasaki, Kai},
    year={2016},
    edition={1. Auflage},
    publisher = {Wrox, a Wiley brand},
}

@book{hadoop_definitive_guide,
    title={Hadoop: The Definitive Guide},
    author={Tom White},
    year={2015},
    edition={4. Auflage},
    publisher={O'Reilly}
}

@book{data_processing_spark2,
    title={Fast Data Processing with Spark 2},
    author = {Sankar, Krishna},
    year={2016},
    edition={3. Auflage},
    publisher={Packt Publishing}
}

@book{learning_spark,
    title={Learning Spark: Lightning-Fast Data Analysis},
    author = {Karau, Holden and Konwinski, Andy and Wendell, Patrick and Zaharia, Matei},
    year={2015},
    edition={1. Auflage},
    publisher={O'Reilly}
}

@book{zookeeper_essentials,
    title = {Apache zookeeper essentials: a fast-paced guide to using Apache ZooKeeper to coordinate services in distributed systems},
    author = {Haloi, Saurav},
    year = {2015},
    edition={1. Auflage},
    publisher = {Packt Publishing},
}




@online{hdfs_architecture,
author = {o. V.},
title = {HDFS Architecture },
organization = {Apache Software Foundation},
date = {2017-12-08},
version = {3.0.0},
url = {https://hadoop.apache.org/docs/r3.0.0/hadoop-project-dist/hadoop-hdfs/HdfsDesign.html},
urldate = {2018-03-17}
}

@online{yarn_architecture,
author = {o. V.},
title = {Apache Hadoop YARN },
organization = {Apache Software Foundation},
date = {2017-12-08},
version = {3.0.0},
url = {https://hadoop.apache.org/docs/current/hadoop-yarn/hadoop-yarn-site/YARN.html},
urldate = {2018-03-19}
}
